

<record xmlns="http://www.loc.gov/MARC21/slim"
xmlns:xsi="http://www.w3.org/2001/XMLSchema-instance"
xsi:schemaLocation="http://www.loc.gov/MARC21/slim
http://www.loc.gov/standards/marcxml/schema/MARC21slim.xsd">
  <leader>00000npd a22        4500</leader>
  <controlfield tag="001">003430610</controlfield>
  <controlfield tag="005">20160314195541.0</controlfield>
  <controlfield tag="008">080113k19001941|||                 ger d</controlfield>
  <datafield tag="041" ind1="0" ind2=" ">
    <subfield code="a">ger</subfield>
    <subfield code="a">fre</subfield>
  </datafield>
  <datafield tag="245" ind1="0" ind2="0">
    <subfield code="a">Briefe an Ludwig Jacobowski, André Suarès, Kläre Dreifuss-Hirsch, Abraham Shalom Yahuda (?), Dora Mitzky und Claire Goll.</subfield>
  </datafield>
  <datafield tag="260" ind1=" " ind2=" ">
    <subfield code="g">1900-1941</subfield>
  </datafield>
  <datafield tag="351" ind1=" " ind2=" ">
    <subfield code="c">File Record</subfield>
  </datafield>
  <datafield tag="520" ind1=" " ind2=" ">
    <subfield code="a">The file contains letters from Zweig to:</subfield>
  </datafield>
  <datafield tag="520" ind1=" " ind2=" ">
    <subfield code="a">Ludwig Jacobowski: two photocopies of a handwritten letter, written in Vienna, referring to the collection of poems &quot;Lieder für das Volk&quot;, 1900,</subfield>
  </datafield>
  <datafield tag="520" ind1=" " ind2=" ">
    <subfield code="a">André Suarès: photocopy of a typed letter transcript, written in Salzburg, referring to the death of Rilke, and to Tolstoi, 1927,</subfield>
  </datafield>
  <datafield tag="520" ind1=" " ind2=" ">
    <subfield code="a">Kläre Dreifuß-Hirsch: one handwritten letter to her and a typed transcript, 1932,</subfield>
  </datafield>
  <datafield tag="520" ind1=" " ind2=" ">
    <subfield code="a">Abraham Shalom Yahuda (?): two typed letters to him, referring to a new secretary and to a lecture, 1937-1938</subfield>
  </datafield>
  <datafield tag="520" ind1=" " ind2=" ">
    <subfield code="a">Dora Mitzky: two letters, one handwritten, one typed, written in London and Bath, and one marriage announcement with a handwritten note. The letters refer to Joseph Roth and Arturo Toscanini, 1939-1940,</subfield>
  </datafield>
  <datafield tag="520" ind1=" " ind2=" ">
    <subfield code="a">Claire Goll: photocopies of four handwritten and typed letters, written in Bath and New York, referring to his book on Brazil and to Goll&apos;s works.</subfield>
  </datafield>
  <datafield tag="506" ind1="1" ind2=" ">
    <subfield code="a">Library premises only;</subfield>
    <subfield code="b">Permissions officer;</subfield>
    <subfield code="e">Israel Copyright Act</subfield>
  </datafield>
  <datafield tag="542" ind1="1" ind2=" ">
    <subfield code="l">In Copyright</subfield>
    <subfield code="n">Less than 70 years from author death</subfield>
    <subfield code="o">20160131</subfield>
  </datafield>
  <datafield tag="911" ind1=" " ind2=" ">
    <subfield code="c">ARC. Ms. Var. 305 1 132</subfield>
    <subfield code="d">Stefan Zweig Collection</subfield>
  </datafield>
  <datafield tag="921" ind1=" " ind2=" ">
    <subfield code="a">vsl 201210</subfield>
  </datafield>
  <datafield tag="934" ind1=" " ind2=" ">
    <subfield code="a">VYA 201207</subfield>
  </datafield>
  <datafield tag="999" ind1=" " ind2=" ">
    <subfield code="a">ARCHIVE</subfield>
  </datafield>
  <datafield tag="999" ind1=" " ind2=" ">
    <subfield code="b">NOULI</subfield>
  </datafield>
  <datafield tag="999" ind1=" " ind2=" ">
    <subfield code="b">NOMAIN</subfield>
  </datafield>
</record>