

<record xmlns="http://www.loc.gov/MARC21/slim"
xmlns:xsi="http://www.w3.org/2001/XMLSchema-instance"
xsi:schemaLocation="http://www.loc.gov/MARC21/slim
http://www.loc.gov/standards/marcxml/schema/MARC21slim.xsd">
  <leader>00000npd a22        4500</leader>
  <controlfield tag="001">003424467</controlfield>
  <controlfield tag="005">20121023114645.0</controlfield>
  <controlfield tag="008">080113k19031939|||                 ger d</controlfield>
  <datafield tag="041" ind1="0" ind2=" ">
    <subfield code="a">ger</subfield>
  </datafield>
  <datafield tag="245" ind1="0" ind2="0">
    <subfield code="a">Felix Salten.</subfield>
  </datafield>
  <datafield tag="260" ind1=" " ind2=" ">
    <subfield code="g">1903-1939</subfield>
  </datafield>
  <datafield tag="351" ind1=" " ind2=" ">
    <subfield code="c">File Record</subfield>
  </datafield>
  <datafield tag="500" ind1=" " ind2=" ">
    <subfield code="a">Originals held by the Reed Library, Fredonia College, NJ (USA).</subfield>
  </datafield>
  <datafield tag="520" ind1=" " ind2=" ">
    <subfield code="a">Photocopies of 37 handwritten and typed letters, three postcards, and one note, written in Vienna, Zurich, Buffalo, and Washington. The letters refer to the newspaper &quot;Die Zeit&quot;, to the P.E.N. club Austria, to publications of both, to the death of Zweig&apos;s mother, to Max Reinhardt, Lucy von Jacobi and her immigration, and to Emile Verhaeren.</subfield>
  </datafield>
  <datafield tag="911" ind1=" " ind2=" ">
    <subfield code="c">ARC. Ms. Var. 305 1 157</subfield>
    <subfield code="d">Stefan Zweig Collection</subfield>
  </datafield>
  <datafield tag="921" ind1=" " ind2=" ">
    <subfield code="a">VSL 201210</subfield>
  </datafield>
  <datafield tag="934" ind1=" " ind2=" ">
    <subfield code="a">VYA 201206</subfield>
  </datafield>
  <datafield tag="999" ind1=" " ind2=" ">
    <subfield code="a">ARCHIVE</subfield>
  </datafield>
  <datafield tag="999" ind1=" " ind2=" ">
    <subfield code="b">NOULI</subfield>
  </datafield>
  <datafield tag="999" ind1=" " ind2=" ">
    <subfield code="b">NOMAIN</subfield>
  </datafield>
</record>