

<record xmlns="http://www.loc.gov/MARC21/slim"
xmlns:xsi="http://www.w3.org/2001/XMLSchema-instance"
xsi:schemaLocation="http://www.loc.gov/MARC21/slim
http://www.loc.gov/standards/marcxml/schema/MARC21slim.xsd">
  <leader>00000npd a22        4500</leader>
  <controlfield tag="001">003427770</controlfield>
  <controlfield tag="005">20190512124244.0</controlfield>
  <controlfield tag="008">080113k19041921|||                 ger d</controlfield>
  <datafield tag="041" ind1="0" ind2=" ">
    <subfield code="a">ger</subfield>
  </datafield>
  <datafield tag="245" ind1="0" ind2="0">
    <subfield code="a">Ellen Key.</subfield>
  </datafield>
  <datafield tag="260" ind1=" " ind2=" ">
    <subfield code="g">1904-1921</subfield>
  </datafield>
  <datafield tag="351" ind1=" " ind2=" ">
    <subfield code="c">File Record</subfield>
  </datafield>
  <datafield tag="520" ind1=" " ind2=" ">
    <subfield code="a">The file contains 19 letters, 24 postcards, three letter cards, all handwritten, one photograph of Ellen Key, 1904, and the envelope in which Zweig sent the letters to Jerusalem. The letters refer to Zweig&apos;s novellas, to Rilke, Verhaeren, Rodin, to the role of women in literature, to the Nobel price for literature and the candidacy of Verhaeren and Maeterlinck for it, and to Key&apos;s attitude to Germany during World War I.</subfield>
  </datafield>
  <datafield tag="506" ind1="0" ind2=" ">
    <subfield code="a">No restrictions;</subfield>
    <subfield code="b">Permissions officer;</subfield>
    <subfield code="e">Israel Copyright Act</subfield>
    <subfield code="0">000000001</subfield>
  </datafield>
  <datafield tag="540" ind1=" " ind2=" ">
    <subfield code="a">ללא מגבלות בנחלת הכלל;</subfield>
    <subfield code="u">http://web.nli.org.il/sites/NLI/Hebrew/library/items-terms-of-use/Pages/nli-public-domain.aspx</subfield>
  </datafield>
  <datafield tag="542" ind1="0" ind2=" ">
    <subfield code="l">Public domain; Contract</subfield>
    <subfield code="n">Over 70 years from author death date</subfield>
    <subfield code="o">20160131</subfield>
    <subfield code="q">ייצוא דוח נתונים</subfield>
  </datafield>
  <datafield tag="911" ind1=" " ind2=" ">
    <subfield code="c">ARC. Ms. Var. 305 1 44</subfield>
    <subfield code="d">Stefan Zweig Collection</subfield>
  </datafield>
  <datafield tag="921" ind1=" " ind2=" ">
    <subfield code="a">VSL 201208</subfield>
  </datafield>
  <datafield tag="934" ind1=" " ind2=" ">
    <subfield code="a">VYA 201206</subfield>
  </datafield>
  <datafield tag="999" ind1=" " ind2=" ">
    <subfield code="a">ARCHIVE</subfield>
  </datafield>
  <datafield tag="999" ind1=" " ind2=" ">
    <subfield code="b">NOULI</subfield>
  </datafield>
  <datafield tag="999" ind1=" " ind2=" ">
    <subfield code="b">NOMAIN</subfield>
  </datafield>
</record>