

<record xmlns="http://www.loc.gov/MARC21/slim"
xmlns:xsi="http://www.w3.org/2001/XMLSchema-instance"
xsi:schemaLocation="http://www.loc.gov/MARC21/slim
http://www.loc.gov/standards/marcxml/schema/MARC21slim.xsd">
  <leader>00000npd a22        4500</leader>
  <controlfield tag="001">003426077</controlfield>
  <controlfield tag="005">20130421150924.0</controlfield>
  <controlfield tag="008">080113k19121939|||                 ger d</controlfield>
  <datafield tag="041" ind1="0" ind2=" ">
    <subfield code="a">ger</subfield>
  </datafield>
  <datafield tag="245" ind1="0" ind2="0">
    <subfield code="a">Albert Ehrenstein.</subfield>
  </datafield>
  <datafield tag="260" ind1=" " ind2=" ">
    <subfield code="g">1912-1939</subfield>
  </datafield>
  <datafield tag="351" ind1=" " ind2=" ">
    <subfield code="c">File Record</subfield>
  </datafield>
  <datafield tag="500" ind1=" " ind2=" ">
    <subfield code="a">Originals held by the Reed Library, Fredonia College, NJ (USA).</subfield>
  </datafield>
  <datafield tag="520" ind1=" " ind2=" ">
    <subfield code="a">Photocopies of 38 handwritten and typed letters (one including the handwritten poem &quot;Morgengebet&quot;), 69 postcards, and one telegram, written in Berlin, Vienna, Leipzig, Dresden, Kilchberg, Zurich, Capri, Viganello, and Brissago. The letters refer to the &quot;Neue Freie Presse&quot;, to book reviews, to the works of both authors, to the Rowohlt publishers, to the support for WIlhelm Schmidtbonn and for Oskar Kokoschka, and to Carl Ehrenstein, Leonhard Frank, Kurt Wolff, Karl Kraus, Alfred Adler, and Rahel Sanzara.</subfield>
  </datafield>
  <datafield tag="911" ind1=" " ind2=" ">
    <subfield code="c">ARC. Ms. Var. 305 1 175</subfield>
    <subfield code="d">Stefan Zweig Collection</subfield>
  </datafield>
  <datafield tag="921" ind1=" " ind2=" ">
    <subfield code="a">VSL 201210</subfield>
  </datafield>
  <datafield tag="934" ind1=" " ind2=" ">
    <subfield code="a">VYA 201206</subfield>
  </datafield>
  <datafield tag="999" ind1=" " ind2=" ">
    <subfield code="a">ARCHIVE</subfield>
  </datafield>
  <datafield tag="999" ind1=" " ind2=" ">
    <subfield code="b">NOULI</subfield>
  </datafield>
  <datafield tag="999" ind1=" " ind2=" ">
    <subfield code="b">NOMAIN</subfield>
  </datafield>
</record>