

<record xmlns="http://www.loc.gov/MARC21/slim"
xmlns:xsi="http://www.w3.org/2001/XMLSchema-instance"
xsi:schemaLocation="http://www.loc.gov/MARC21/slim
http://www.loc.gov/standards/marcxml/schema/MARC21slim.xsd">
  <leader>00000npd a22        4500</leader>
  <controlfield tag="001">003429296</controlfield>
  <controlfield tag="005">20190512124243.0</controlfield>
  <controlfield tag="008">080113k19181919|||                 fre d</controlfield>
  <datafield tag="041" ind1="0" ind2=" ">
    <subfield code="a">fre</subfield>
  </datafield>
  <datafield tag="245" ind1="0" ind2="0">
    <subfield code="a">Romain Rolland III.</subfield>
  </datafield>
  <datafield tag="260" ind1=" " ind2=" ">
    <subfield code="g">1918-1919</subfield>
  </datafield>
  <datafield tag="351" ind1=" " ind2=" ">
    <subfield code="c">File Record</subfield>
  </datafield>
  <datafield tag="500" ind1=" " ind2=" ">
    <subfield code="a">Vol. III of XIII</subfield>
  </datafield>
  <datafield tag="520" ind1=" " ind2=" ">
    <subfield code="a">The file contains 52 handwritten letters, five postcards, two notes and one telegram. The letters deal with Rolland&apos;s work &quot;Jean Christophe&quot;, Zweig&apos;s play &quot;Jeremias&quot;, with a meeting of both in Switzerland, with the end of World War I, and with Paul Seippel, Emile Verhaeren, Friderike von Winternitz, Annette Kolb, and Alfred Hermann Fried.</subfield>
  </datafield>
  <datafield tag="506" ind1="0" ind2=" ">
    <subfield code="a">No restrictions;</subfield>
    <subfield code="b">Permissions officer;</subfield>
    <subfield code="e">Israel Copyright Act</subfield>
    <subfield code="0">000000001</subfield>
  </datafield>
  <datafield tag="540" ind1=" " ind2=" ">
    <subfield code="a">ללא מגבלות בנחלת הכלל;</subfield>
    <subfield code="u">http://web.nli.org.il/sites/NLI/Hebrew/library/items-terms-of-use/Pages/nli-public-domain.aspx</subfield>
  </datafield>
  <datafield tag="542" ind1="0" ind2=" ">
    <subfield code="l">Public domain; Contract</subfield>
    <subfield code="n">Over 70 years from author death date</subfield>
    <subfield code="o">20160131</subfield>
    <subfield code="q">ייצוא דוח נתונים</subfield>
  </datafield>
  <datafield tag="911" ind1=" " ind2=" ">
    <subfield code="c">ARC. Ms. Var. 305 1 03</subfield>
    <subfield code="d">Stefan Zweig Collection</subfield>
  </datafield>
  <datafield tag="934" ind1=" " ind2=" ">
    <subfield code="a">VYA 201206</subfield>
  </datafield>
  <datafield tag="999" ind1=" " ind2=" ">
    <subfield code="a">ARCHIVE</subfield>
  </datafield>
  <datafield tag="999" ind1=" " ind2=" ">
    <subfield code="b">NOULI</subfield>
  </datafield>
  <datafield tag="999" ind1=" " ind2=" ">
    <subfield code="b">NOMAIN</subfield>
  </datafield>
</record>