

<record xmlns="http://www.loc.gov/MARC21/slim"
xmlns:xsi="http://www.w3.org/2001/XMLSchema-instance"
xsi:schemaLocation="http://www.loc.gov/MARC21/slim
http://www.loc.gov/standards/marcxml/schema/MARC21slim.xsd">
  <leader>00000npd a22        4500</leader>
  <controlfield tag="001">003423193</controlfield>
  <controlfield tag="005">20121016112429.0</controlfield>
  <controlfield tag="008">080113k19201920|||                 ger d</controlfield>
  <datafield tag="041" ind1="0" ind2=" ">
    <subfield code="a">ger</subfield>
  </datafield>
  <datafield tag="245" ind1="0" ind2="0">
    <subfield code="a">Samuel Josef Agnon.</subfield>
  </datafield>
  <datafield tag="260" ind1=" " ind2=" ">
    <subfield code="g">1920</subfield>
  </datafield>
  <datafield tag="351" ind1=" " ind2=" ">
    <subfield code="c">File Record</subfield>
  </datafield>
  <datafield tag="500" ind1=" " ind2=" ">
    <subfield code="a">Originals held by the Reed Library, Fredonia College, NJ (USA).</subfield>
  </datafield>
  <datafield tag="520" ind1=" " ind2=" ">
    <subfield code="a">Photocopies of two handwritten letters and one telegram, written in Munich, referreng to Agnon&apos;s contribution to an antology.</subfield>
  </datafield>
  <datafield tag="911" ind1=" " ind2=" ">
    <subfield code="c">ARC. Ms. Var. 305 1 135</subfield>
    <subfield code="d">Stefan Zweig Collection</subfield>
  </datafield>
  <datafield tag="921" ind1=" " ind2=" ">
    <subfield code="a">VSL 201210</subfield>
  </datafield>
  <datafield tag="934" ind1=" " ind2=" ">
    <subfield code="a">VYA 201205</subfield>
  </datafield>
  <datafield tag="999" ind1=" " ind2=" ">
    <subfield code="a">ARCHIVE</subfield>
  </datafield>
  <datafield tag="999" ind1=" " ind2=" ">
    <subfield code="b">NOULI</subfield>
  </datafield>
  <datafield tag="999" ind1=" " ind2=" ">
    <subfield code="b">NOMAIN</subfield>
  </datafield>
</record>