

<record xmlns="http://www.loc.gov/MARC21/slim"
xmlns:xsi="http://www.w3.org/2001/XMLSchema-instance"
xsi:schemaLocation="http://www.loc.gov/MARC21/slim
http://www.loc.gov/standards/marcxml/schema/MARC21slim.xsd">
  <leader>00000npd a22        4500</leader>
  <controlfield tag="001">003910003</controlfield>
  <controlfield tag="005">20190512124135.0</controlfield>
  <controlfield tag="008">080113k19211933|||                 ger d</controlfield>
  <datafield tag="041" ind1="0" ind2=" ">
    <subfield code="a">ger</subfield>
  </datafield>
  <datafield tag="245" ind1="0" ind2="0">
    <subfield code="a">Stefan Zweig an Hans Rosenkranz.</subfield>
  </datafield>
  <datafield tag="260" ind1=" " ind2=" ">
    <subfield code="g">1921-1933</subfield>
  </datafield>
  <datafield tag="351" ind1=" " ind2=" ">
    <subfield code="c">File Record</subfield>
  </datafield>
  <datafield tag="583" ind1="0" ind2=" ">
    <subfield code="a">other</subfield>
    <subfield code="c">20121217</subfield>
    <subfield code="x">הכנת בסיסים לפריטים בתצוגה</subfield>
    <subfield code="b">4/12/2016</subfield>
    <subfield code="i">exhibition</subfield>
  </datafield>
  <datafield tag="583" ind1="0" ind2=" ">
    <subfield code="a">repaired</subfield>
    <subfield code="c">20161208</subfield>
    <subfield code="x">טופלו 16 דפים מתוך התיקייה</subfield>
    <subfield code="b">8/11/16</subfield>
  </datafield>
  <datafield tag="520" ind1=" " ind2=" ">
    <subfield code="a">The file contains 26 handwritten and typed letters and six postcards written in Salzburg and in Berlin. The letters concern Rosenkranz&apos; place as a Jew in Germany, his first steps in literature, the J.M. Spaeth Verlag and publishing issues in general. In addition, there is a handwritten draft of a letter from Rosenkranz to Zweig concerning the volume of novellas &quot;Verwirrung der Gefühle&quot; (1926).</subfield>
  </datafield>
  <datafield tag="590" ind1=" " ind2=" ">
    <subfield code="a">מתנת חנה יעקבסן מבת ים, מאי/יוני 2016</subfield>
  </datafield>
  <datafield tag="506" ind1="0" ind2=" ">
    <subfield code="a">No restrictions;</subfield>
    <subfield code="b">Permissions officer;</subfield>
    <subfield code="e">Israel Copyright Act</subfield>
    <subfield code="0">000000001</subfield>
  </datafield>
  <datafield tag="540" ind1=" " ind2=" ">
    <subfield code="a">ללא מגבלות בנחלת הכלל;</subfield>
    <subfield code="u">http://web.nli.org.il/sites/NLI/Hebrew/library/items-terms-of-use/Pages/nli-public-domain.aspx</subfield>
  </datafield>
  <datafield tag="542" ind1="0" ind2=" ">
    <subfield code="l">Public domain; No contract</subfield>
    <subfield code="n">Over 70 years from author death date</subfield>
    <subfield code="o">Noam Solan by Rivka Shveiky 20171114</subfield>
    <subfield code="q">ייצוא דוח נתונים</subfield>
  </datafield>
  <datafield tag="700" ind1="1" ind2=" ">
    <subfield code="a">Zweig, Stefan,</subfield>
    <subfield code="d">1881-1942</subfield>
    <subfield code="9">lat</subfield>
  </datafield>
  <datafield tag="700" ind1="1" ind2=" ">
    <subfield code="a">Rosenkranz, Hans,</subfield>
    <subfield code="d">1905-</subfield>
    <subfield code="9">lat</subfield>
  </datafield>
  <datafield tag="911" ind1=" " ind2=" ">
    <subfield code="c">ARC. Ms. Var. 305 4 183</subfield>
    <subfield code="d">Stefan Zweig Collection</subfield>
  </datafield>
  <datafield tag="921" ind1=" " ind2=" ">
    <subfield code="a">VSL 201606</subfield>
  </datafield>
  <datafield tag="999" ind1=" " ind2=" ">
    <subfield code="a">ARCHIVE</subfield>
  </datafield>
  <datafield tag="999" ind1=" " ind2=" ">
    <subfield code="b">NOULI</subfield>
  </datafield>
  <datafield tag="999" ind1=" " ind2=" ">
    <subfield code="b">NOMAIN</subfield>
  </datafield>
</record>