

<record xmlns="http://www.loc.gov/MARC21/slim"
xmlns:xsi="http://www.w3.org/2001/XMLSchema-instance"
xsi:schemaLocation="http://www.loc.gov/MARC21/slim
http://www.loc.gov/standards/marcxml/schema/MARC21slim.xsd">
  <leader>00000npd a22        4500</leader>
  <controlfield tag="001">003424888</controlfield>
  <controlfield tag="005">20130523141419.0</controlfield>
  <controlfield tag="008">080113k19241933|||                 ger d</controlfield>
  <datafield tag="041" ind1="0" ind2=" ">
    <subfield code="a">ger</subfield>
  </datafield>
  <datafield tag="245" ind1="0" ind2="0">
    <subfield code="a">Felix Braun part I.</subfield>
  </datafield>
  <datafield tag="260" ind1=" " ind2=" ">
    <subfield code="g">1924-1933</subfield>
  </datafield>
  <datafield tag="351" ind1=" " ind2=" ">
    <subfield code="c">File Record</subfield>
  </datafield>
  <datafield tag="500" ind1=" " ind2=" ">
    <subfield code="a">Originals held by the Reed Library, Fredonia College, NJ (USA).</subfield>
  </datafield>
  <datafield tag="520" ind1=" " ind2=" ">
    <subfield code="a">Photocopies of 75 handwritten and typed letters, 35 postcards and three poems (&quot;Durch blaues Glas&quot;, &quot;Verse zum Gedächtnis für Hugo von Hofmannsthal&quot;, Blühende Mandelbäume&quot;), arranged in two files. The letters were written in Palermo, Vienna, Taormina, Graz, Linz, Grundlsee, Florence, Arosa, Venice, and Finsterwaite. They refer to the works of both, to Braun&apos;s lecturer position in Palermo, to his travel to Tunisia, to the situation of German writers in exile, to his meetings with Hermann Hesse and Thomas Mann in Switzerland, to Zweig&apos;s support for others, to Braun&apos;s immigration to England, to Lavinia Mazzucchetti, to Arthur Schnitzler&apos;s funeral, to Alfons Petzold, Johan Bojer, Karl Reinhardt, Maria Malato, and Hans Leithelm.</subfield>
  </datafield>
  <datafield tag="911" ind1=" " ind2=" ">
    <subfield code="c">ARC. Ms. Var. 305 1 170</subfield>
    <subfield code="d">Stefan Zweig Collection</subfield>
  </datafield>
  <datafield tag="921" ind1=" " ind2=" ">
    <subfield code="a">VSL 201210</subfield>
  </datafield>
  <datafield tag="934" ind1=" " ind2=" ">
    <subfield code="a">VYA 201206</subfield>
  </datafield>
  <datafield tag="999" ind1=" " ind2=" ">
    <subfield code="a">ARCHIVE</subfield>
  </datafield>
  <datafield tag="999" ind1=" " ind2=" ">
    <subfield code="b">NOULI</subfield>
  </datafield>
  <datafield tag="999" ind1=" " ind2=" ">
    <subfield code="b">NOMAIN</subfield>
  </datafield>
</record>