

<record xmlns="http://www.loc.gov/MARC21/slim"
xmlns:xsi="http://www.w3.org/2001/XMLSchema-instance"
xsi:schemaLocation="http://www.loc.gov/MARC21/slim
http://www.loc.gov/standards/marcxml/schema/MARC21slim.xsd">
  <leader>00000npd a22        4500</leader>
  <controlfield tag="001">003426037</controlfield>
  <controlfield tag="005">20121029104637.0</controlfield>
  <controlfield tag="008">080113k19301940|||                 ger d</controlfield>
  <datafield tag="041" ind1="0" ind2=" ">
    <subfield code="a">ger</subfield>
    <subfield code="a">eng</subfield>
  </datafield>
  <datafield tag="245" ind1="0" ind2="0">
    <subfield code="a">Hermann Broch.</subfield>
  </datafield>
  <datafield tag="260" ind1=" " ind2=" ">
    <subfield code="g">1930-1940</subfield>
  </datafield>
  <datafield tag="351" ind1=" " ind2=" ">
    <subfield code="c">File Record</subfield>
  </datafield>
  <datafield tag="500" ind1=" " ind2=" ">
    <subfield code="a">Originals in possession of the Alberman family, London. The photocopies have been prepared for Prof. Paul M. Lützeler, Bloomington, Indiana, in 1974.</subfield>
  </datafield>
  <datafield tag="520" ind1=" " ind2=" ">
    <subfield code="a">Phtocopies of 35 handwritten and typed letters, five postcards and two political essays (&quot;Vorschlag zur Gruendung eines Forschungsinstitutes fuer politische Psychologie und zum Studium von Massenerscheinungen&quot;, &quot;Zur Diktatur der Humanitaet innerhalb einer totalen Demokratie&quot;). The letters were written in Vienna, Gössl, Munich, Alt Aussee, Clinton, Ct., and Princeton, and refer to meetings of both, to the performance of Broch&apos;s plays at theaters, to the translations of his works, to the publications of both, and to Broch&apos;s resolution addressed to the League of Nations. The file contains also photocopies of the correspondence between Richard Friedenthal and Paul M. Lützeler on the letters (1973-1974).</subfield>
  </datafield>
  <datafield tag="911" ind1=" " ind2=" ">
    <subfield code="c">ARC. Ms. Var. 305 1 171</subfield>
    <subfield code="d">Stefan Zweig Collection</subfield>
  </datafield>
  <datafield tag="921" ind1=" " ind2=" ">
    <subfield code="a">VSL 201210</subfield>
  </datafield>
  <datafield tag="934" ind1=" " ind2=" ">
    <subfield code="a">VYA 201206</subfield>
  </datafield>
  <datafield tag="999" ind1=" " ind2=" ">
    <subfield code="a">ARCHIVE</subfield>
  </datafield>
  <datafield tag="999" ind1=" " ind2=" ">
    <subfield code="b">NOULI</subfield>
  </datafield>
  <datafield tag="999" ind1=" " ind2=" ">
    <subfield code="b">NOMAIN</subfield>
  </datafield>
</record>