

<record xmlns="http://www.loc.gov/MARC21/slim"
xmlns:xsi="http://www.w3.org/2001/XMLSchema-instance"
xsi:schemaLocation="http://www.loc.gov/MARC21/slim
http://www.loc.gov/standards/marcxml/schema/MARC21slim.xsd">
  <leader>00000npd a22        4500</leader>
  <controlfield tag="001">003532226</controlfield>
  <controlfield tag="005">20130523140724.0</controlfield>
  <controlfield tag="008">080113k19351938|||                 ger d</controlfield>
  <datafield tag="041" ind1="0" ind2=" ">
    <subfield code="a">ger</subfield>
  </datafield>
  <datafield tag="245" ind1="0" ind2="0">
    <subfield code="a">Joseph Roth part II.</subfield>
  </datafield>
  <datafield tag="260" ind1=" " ind2=" ">
    <subfield code="g">1935-1938</subfield>
  </datafield>
  <datafield tag="351" ind1=" " ind2=" ">
    <subfield code="c">File Record</subfield>
  </datafield>
  <datafield tag="500" ind1=" " ind2=" ">
    <subfield code="a">Originals held by the Reed Library, Fredonia College, NJ (USA).</subfield>
  </datafield>
  <datafield tag="520" ind1=" " ind2=" ">
    <subfield code="a">Photocopies of 200 handwritten and typed letters, six postcards, and seven telegrams, written in Gliss, Cologne, Lwow, Warsaw, Frankfurt, Marseille, Paris, Berlin, Rapperswil, Ascona, Amsterdam, Brussels, and Oostende. Some of the handwritten letters exist in later typed transcripts, also two transcripts of letters from Roth to Lotte Altmann. In addition, the file includes the photocopy of one photograph showing Roth in Austrian uniform, and the typed novella &quot;Die Büste des Kaisers&quot; (34 pages). The photocopies are arranged in two files: 1927-1934, 1935-1938. The letters refer to publications of Zweig and Roth, to travels to Russia, to the mental illness of Roth&apos;s wife, to Roth&apos;s financial situation, to his attitude towards Judaism and the monarchy, to meetings of both, to Klaus Mann and his journal &quot;Die Sammlung&quot;, to the publishers Kiepenheuer, Zsolnay, Insel, Querido and Humanitas, and to Robert Neumann, Hermann Kesten, and Thomas Mann.</subfield>
  </datafield>
  <datafield tag="911" ind1=" " ind2=" ">
    <subfield code="c">ARC. Ms. Var. 305 1 156.1</subfield>
    <subfield code="d">Stefan Zweig Collection</subfield>
  </datafield>
  <datafield tag="921" ind1=" " ind2=" ">
    <subfield code="a">VRM 201305</subfield>
  </datafield>
  <datafield tag="934" ind1=" " ind2=" ">
    <subfield code="a">VYA 201206</subfield>
  </datafield>
  <datafield tag="999" ind1=" " ind2=" ">
    <subfield code="a">ARCHIVE</subfield>
  </datafield>
  <datafield tag="999" ind1=" " ind2=" ">
    <subfield code="b">NOULI</subfield>
  </datafield>
  <datafield tag="999" ind1=" " ind2=" ">
    <subfield code="b">NOMAIN</subfield>
  </datafield>
</record>