

<record xmlns="http://www.loc.gov/MARC21/slim"
xmlns:xsi="http://www.w3.org/2001/XMLSchema-instance"
xsi:schemaLocation="http://www.loc.gov/MARC21/slim
http://www.loc.gov/standards/marcxml/schema/MARC21slim.xsd">
  <leader>00000npd a22        4500</leader>
  <controlfield tag="001">003520668</controlfield>
  <controlfield tag="005">20190512124229.0</controlfield>
  <controlfield tag="008">080113k19421942|||                 ger d</controlfield>
  <datafield tag="041" ind1="0" ind2=" ">
    <subfield code="a">ger</subfield>
  </datafield>
  <datafield tag="245" ind1="0" ind2="0">
    <subfield code="a">Declaracão.</subfield>
  </datafield>
  <datafield tag="246" ind1="3" ind2="3">
    <subfield code="a">Stefan Zweigs Abschiedsbrief</subfield>
  </datafield>
  <datafield tag="260" ind1=" " ind2=" ">
    <subfield code="g">1942</subfield>
  </datafield>
  <datafield tag="351" ind1=" " ind2=" ">
    <subfield code="c">File Record</subfield>
  </datafield>
  <datafield tag="583" ind1="0" ind2=" ">
    <subfield code="a">housed</subfield>
    <subfield code="c">20121217</subfield>
    <subfield code="x">מיילר</subfield>
    <subfield code="b">25/10/17</subfield>
    <subfield code="i">folder</subfield>
  </datafield>
  <datafield tag="500" ind1=" " ind2=" ">
    <subfield code="a">The letters were previously stored in the Schwadron autographs collection.</subfield>
  </datafield>
  <datafield tag="520" ind1=" " ind2=" ">
    <subfield code="a">The file contains the original suicide letter of Zweig, modern transcripts and a modern translation into Hebrew.</subfield>
  </datafield>
  <datafield tag="506" ind1="0" ind2=" ">
    <subfield code="a">No restrictions;</subfield>
    <subfield code="b">Permissions officer;</subfield>
    <subfield code="e">Israel Copyright Act</subfield>
    <subfield code="0">000000001</subfield>
  </datafield>
  <datafield tag="540" ind1=" " ind2=" ">
    <subfield code="a">ללא מגבלות בנחלת הכלל;</subfield>
    <subfield code="u">http://web.nli.org.il/sites/NLI/Hebrew/library/items-terms-of-use/Pages/nli-public-domain.aspx</subfield>
  </datafield>
  <datafield tag="542" ind1="0" ind2=" ">
    <subfield code="l">Public domain; No contract</subfield>
    <subfield code="n">Over 70 years from author death date</subfield>
    <subfield code="o">Rivka Shveiky by Ariel Lock 20170919</subfield>
    <subfield code="q">ייצוא דוח נתונים</subfield>
  </datafield>
  <datafield tag="911" ind1=" " ind2=" ">
    <subfield code="c">ARC. Ms. Var. 305 4 182</subfield>
    <subfield code="d">Stefan Zweig Collection</subfield>
  </datafield>
  <datafield tag="921" ind1=" " ind2=" ">
    <subfield code="a">VSL 201304</subfield>
  </datafield>
  <datafield tag="999" ind1=" " ind2=" ">
    <subfield code="a">ARCHIVE</subfield>
  </datafield>
  <datafield tag="999" ind1=" " ind2=" ">
    <subfield code="b">NOULI</subfield>
  </datafield>
  <datafield tag="999" ind1=" " ind2=" ">
    <subfield code="b">NOMAIN</subfield>
  </datafield>
</record>